<?xml version="1.0" encoding="UTF-8"?>
<record xmlns="http://www.loc.gov/MARC21/slim" xmlns:xsi="http://www.w3.org/2001/XMLSchema-instance" xsi:schemaLocation="http://www.loc.gov/MARC21/slim http://www.loc.gov/standards/marcxml/schema/MARC21slim.xsd">
<leader>00000cam a22      i 4500</leader>
<controlfield tag="001">003255611</controlfield>
<controlfield tag="003">NNU</controlfield>
<controlfield tag="005">20140923123636.0</controlfield>
<controlfield tag="008">811023s1953    sy       b    001 0 ara</controlfield>
<datafield tag="010" ind1=" " ind2=" ">
<subfield code="a">   59050942</subfield>
</datafield>
<datafield tag="035" ind1=" " ind2=" ">
<subfield code="a">(OCoLC)7872349</subfield>
</datafield>
<datafield tag="040" ind1=" " ind2=" ">
<subfield code="a">DLC</subfield>
<subfield code="b">eng</subfield>
<subfield code="c">WAU</subfield>
<subfield code="d">DLC</subfield>
<subfield code="d">EUM</subfield>
<subfield code="d">OCLCF</subfield>
<subfield code="d">OCLCO</subfield>
<subfield code="d">OCLCQ</subfield>
<subfield code="e">rda</subfield>
<subfield code="d">NNU</subfield>
</datafield>
<datafield tag="050" ind1=" " ind2="4">
<subfield code="a">SK321</subfield>
<subfield code="b">.H37 1953</subfield>
</datafield>
<datafield tag="050" ind1="0" ind2="0">
<subfield code="a">SK321</subfield>
<subfield code="b">.B3</subfield>
</datafield>
<datafield tag="100" ind1="0" ind2=" ">
<subfield code="6">880-01</subfield>
<subfield code="a">Ḥasan ibn al-Ḥusayn,</subfield>
<subfield code="c">bāzyār,</subfield>
<subfield code="e">author.</subfield>
</datafield>
<datafield tag="245" ind1="1" ind2="3">
<subfield code="6">880-02</subfield>
<subfield code="a">al-Bayzarah</subfield>
<subfield code="c">taʼlīf Bāzyār al-ʻAzīz bi-Allāh al-Fātimī Abī ʻAbd Allāh al-Ḥasan ibn al-Ḥusayn "Ẓannan". Naẓara fih wa-ʻallaqa ʻalayh Muḥammad Kurd ʻAlī.</subfield>
</datafield>
<datafield tag="264" ind1=" " ind2="1">
<subfield code="6">880-03</subfield>
<subfield code="a">[Dimashq],</subfield>
<subfield code="c">[1953/1372]</subfield>
</datafield>
<datafield tag="300" ind1=" " ind2=" ">
<subfield code="a">213 pages</subfield>
<subfield code="c">25 cm</subfield>
</datafield>
<datafield tag="336" ind1=" " ind2=" ">
<subfield code="a">text</subfield>
<subfield code="b">txt</subfield>
<subfield code="2">rdacontent</subfield>
</datafield>
<datafield tag="337" ind1=" " ind2=" ">
<subfield code="a">unmediated</subfield>
<subfield code="b">n</subfield>
<subfield code="2">rdamedia</subfield>
</datafield>
<datafield tag="338" ind1=" " ind2=" ">
<subfield code="a">volume</subfield>
<subfield code="b">nc</subfield>
<subfield code="2">rdacarrier</subfield>
</datafield>
<datafield tag="490" ind1="1" ind2=" ">
<subfield code="6">880-04</subfield>
<subfield code="a">Maṭbūʻāt al-Majmaʻ al-ʻIlmī al-ʻArabī bi-Dimashq.</subfield>
</datafield>
<datafield tag="504" ind1=" " ind2=" ">
<subfield code="a">Includes bibliographical references and index.</subfield>
</datafield>
<datafield tag="530" ind1=" " ind2=" ">
<subfield code="a">Also issued online.</subfield>
</datafield>
<datafield tag="650" ind1=" " ind2="0">
<subfield code="a">Falconry.</subfield>
</datafield>
<datafield tag="600" ind1="1" ind2="4">
<subfield code="a">Kurd ʻAli, Muhammad,</subfield>
<subfield code="d">1876-1953.</subfield>
</datafield>
<datafield tag="650" ind1=" " ind2="7">
<subfield code="a">Falconry.</subfield>
<subfield code="2">fast</subfield>
<subfield code="0">(OCoLC)fst00919992</subfield>
</datafield>
<datafield tag="700" ind1="1" ind2=" ">
<subfield code="a">Kurd ʻAlī, Muḥammad,</subfield>
<subfield code="d">1876-1953.</subfield>
</datafield>
<datafield tag="776" ind1="0" ind2="8">
<subfield code="i">Online version:</subfield>
<subfield code="a">Ḥasan ibn al-Ḥusayn, bāzyār.</subfield>
<subfield code="t">Bayzarah.</subfield>
<subfield code="d">[Dimashq, 1953/1372]</subfield>
<subfield code="w">(OCoLC)586347156</subfield>
</datafield>
<datafield tag="880" ind1="0" ind2=" ">
<subfield code="6">100-01/</subfield>
<subfield code="a">حسن بن الحسين،</subfield>
<subfield code="c">بازيار،</subfield>
<subfield code="e">author.</subfield>
</datafield>
<datafield tag="880" ind1="1" ind2="2">
<subfield code="6">245-02/</subfield>
<subfield code="a">البيزرة</subfield>
<subfield code="c">تأليف بازيار العزيز بالله الفاطمي ابي عبد الله الحسن بن الحسين "ظنا". نظر فيه وعلق عليه محمد كرد علي.</subfield>
</datafield>
<datafield tag="880" ind1=" " ind2="1">
<subfield code="6">264-03/</subfield>
<subfield code="a">[دمشق]،</subfield>
<subfield code="c">[1953/1372]</subfield>
</datafield>
<datafield tag="880" ind1="1" ind2=" ">
<subfield code="6">490-04/</subfield>
<subfield code="a">مطبوعات المجمع العلمي العربي بدمشق.</subfield>
</datafield>
<datafield tag="810" ind1="2" ind2=" ">
<subfield code="6">880-05</subfield>
<subfield code="a">al-Majmaʻ al-ʻIlmī al-ʻArabī bi-Dimashq.</subfield>
<subfield code="t">Maṭbūʻāt.</subfield>
</datafield>
<datafield tag="880" ind1="2" ind2=" ">
<subfield code="6">810-05/</subfield>
<subfield code="a">المجمع العلمي العربي بدمشق.</subfield>
<subfield code="t">مطبوعات.</subfield>
</datafield>
<datafield tag="OWN" ind1=" " ind2=" ">
<subfield code="a">GENERAL</subfield>
</datafield>
<datafield tag="AVA" ind1=" " ind2=" ">
<subfield code="a">NYU50</subfield>
<subfield code="b">BOBST</subfield>
<subfield code="c">Main Collection</subfield>
<subfield code="d">SK321 .H37 1953</subfield>
<subfield code="e">unavailable</subfield>
<subfield code="t">Unavailable</subfield>
<subfield code="f">1</subfield>
<subfield code="g">1</subfield>
<subfield code="h">N</subfield>
<subfield code="i">1</subfield>
<subfield code="j">MAIN</subfield>
<subfield code="k">0</subfield>
</datafield>
</record>
